@book{Nielsen2010,
  title={Quantum Computation and Quantum Information: 10th Anniversary Edition},
  author={Nielsen, Michael A. and Chuang, Isaac L.},
  year={2010},
  publisher={Cambridge University Press},
  address={Cambridge, UK}
}

@book{Murphy2012,
  title={Machine Learning: A Probabilistic Perspective},
  author={Murphy, Kevin P.},
  year={2012},
  publisher={MIT Press},
  address={Cambridge, MA}
}

@article{Biamonte2017,
  title={Quantum Machine Learning},
  author={Biamonte, Jacob and Wittek, Peter and Pancotti, Nicola and Rebentrost, Patrick and Wiebe, Nathan and Lloyd, Seth},
  journal={Nature},
  volume={549},
  number={7671},
  pages={195--202},
  year={2017},
  publisher={Nature Publishing Group}
}

@article{Shor1997,
  title={Polynomial-Time Algorithms for Prime Factorization and Discrete Logarithms on a Quantum Computer},
  author={Shor, Peter W.},
  journal={SIAM Journal on Computing},
  volume={26},
  number={5},
  pages={1484--1509},
  year={1997}
}

@article{Grover1996,
  title={A Fast Quantum Mechanical Algorithm for Database Search},
  author={Grover, Lov K.},
  journal={Proceedings of the Twenty-Eighth Annual ACM Symposium on Theory of Computing},
  pages={212--219},
  year={1996},
  publisher={ACM}
}

@article{Kitaev1995,
  title={Quantum Measurements and the Abelian Stabilizer Problem},
  author={Kitaev, Alexei Yu},
  journal={arXiv preprint quant-ph/9511026},
  year={1995}
}

@article{Harrow2009,
  title={Quantum Algorithm for Linear Systems of Equations},
  author={Harrow, Aram W. and Hassidim, Avinatan and Lloyd, Seth},
  journal={Physical Review Letters},
  volume={103},
  number={15},
  pages={150502},
  year={2009},
  publisher={APS}
}

@article{Rebentrost2014,
  title={Quantum Support Vector Machine for Big Data Classification},
  author={Rebentrost, Patrick and Mohseni, Masoud and Lloyd, Seth},
  journal={Physical Review Letters},
  volume={113},
  number={13},
  pages={130503},
  year={2014},
  publisher={APS}
}

@article{Lloyd2014,
  title={Quantum Principal Component Analysis},
  author={Lloyd, Seth and Mohseni, Masoud and Rebentrost, Patrick},
  journal={Nature Physics},
  volume={10},
  number={9},
  pages={631--633},
  year={2014},
  publisher={Nature Publishing Group}
}

@article{Farhi2018,
  title={Classification with Quantum Neural Networks on Near Term Processors},
  author={Farhi, Edward and Neven, Hartmut},
  journal={arXiv preprint arXiv:1802.06002},
  year={2018}
}